@ONLINE {SMR,
    author = {Symantec},
    title  = {Symantec Monthly Report},
    url    = {https://www.symantec.com/security_response/publications/monthlythreatreport.jsp}
}

@ONLINE {Phish,
    author = {Phishtank},
    title  = {Phishing Statistics},
    url    = {https://www.phishtank.com/stats.php}
}

@ONLINE {QT17,
    author = {McAfee},
    title  = {Threat Reports},
    url    = {https://www.mcafee.com/us/resources/reports/rp-quarterly-threats-mar-2017.pdf}
}

@ONLINE {MWB,
    author = {Malwarebytes},
    title  = {State of Malware 2017},
    url    = {https://go.malwarebytes.com/StateofMalware0117.html?ref=pr_mwb}
}

@ONLINE{S1,
  author = {Gates, C. and Engle, S.},
  title = {Reflecting on Visualization for Cyber Security},
  year = 2013,
  url = {http://ieeexplore.ieee.org.ezproxy.proxy.library.oregonstate.edu/stamp/stamp.jsp?arnumber=6578842&tag=1},
}

@ONLINE{S2,
  author = {Best, D. and Endert, A. and Kidwell, D.},
  title = {7 Key Challenges for Visualization in
Cyber Network Defense},
  year = 2014,
  url = {http://dl.acm.org/citation.cfm?id=2671497},
}

@ONLINE{S3,
  author = {Langton, J. and Baker, Alex},
  title = {Information Visualization Metrics and Methods for
Cyber Security Evaluation},
  year = 2013,
  url = {http://ieeexplore.ieee.org.ezproxy.proxy.library.oregonstate.edu/stamp/stamp.jsp?arnumber=6578846},
}

@ONLINE{S4,
  author = {Suo, X. and Zhu, Y. and Owen, G.},
  title = {Measuring the Complexity of Computer
Security Visualization Designs},
  year = 2007,
  url = {https://link.springer.com/chapter/10.1007%2F978-3-540-78243-8_4},
}

@ONLINE{S5,
  author = {Oâ€™Connell, T. and Choong, Y.-Y.},
  title = {Metrics for measuring human interaction with interactive visualizations for information analysis},
  year = 2008,
}

@ONLINE{S6,
  author = {Fallman, D.},
  title = {The Interaction Design Research Triangle of Design Practice, Design Studies, and Design Exploration},
  year = 2008,
}

@ONLINE{S7,
  author = {Vande Moere, Andrew and Purchase, Helen},
  title = {On the role of design in information
visualization},
  year = 2011,
  url = {http://journals.sagepub.com.ezproxy.proxy.library.oregonstate.edu/doi/pdf/10.1177/1473871611415996},
}

@ONLINE{S8,
  author = {Elmqvist, Niklas and Vande Moere, Andrew and Jetter, Hans-Christian and Cernea, Daniel and Reiterer, Harald and Jankun-Kelly, TJ},
  title = {Fluid interaction for information
visualization},
  year = 2011,
  url = {http://journals.sagepub.com.ezproxy.proxy.library.oregonstate.edu/doi/pdf/10.1177/1473871611413180},
}

@ONLINE{S9,
  author = {Nielsen, J., and Molich, R.},
  title = {Heuristic evaluation of user interfaces},
  year = 1990,
  url = {https://tfa.stanford.edu/download/TenUsabilityHeuristics.pdf},
}

@ONLINE{S10,
  author = {Shoemate, Ben},
  title = {Stock Market Visualizations},
  year = 2015,
  url = {https://www.benshoemate.com/2015/08/20/stock-market-visualizations/},
}