@article{Whorf,
  title={Language, thought, and color: Whorf was half right},
  author={Regier, Terry and Kay, Paul},
  journal={Trends in cognitive sciences},
  volume={13},
  number={10},
  pages={439--446},
  year={2009},
  publisher={Elsevier}
}

@article{ozgen,
  title={Acquisition of categorical color perception: a perceptual learning approach to the linguistic relativity hypothesis.},
  author={{\"O}zgen, Emre and Davies, Ian RL},
  journal={Journal of Experimental Psychology: General},
  volume={131},
  number={4},
  pages={477},
  year={2002},
  publisher={American Psychological Association}
}

@ONILINE{avg,
	author={Matthias Klein},
	title={Average-Color},
	url={http://matkl.github.io/average-color/}
}